@article{gbtb11,
author = {Broström, G. and Bengtsson, T.},
year = {2011},
title = {Famines and mortality crises in 18th to 19th century southern {S}weden},
journal = {Genus: Journal of Population Sciences},
volume = {67},
pages = {119--139}
}

@article{akaike74,
author = {Akaike, H.},
title = {A new look at the statistical model identification},
year = {1974},
journal = {IEEE Transactions on Automatic Control},
volume = {19},
pages = {716--723}
}

@misc{gb19,
author = {Brostr\"om, G.},
title = {The semi-supercentenarian mortality plateau in {S}weden},
year = {2019},
note = {The 21st Nordic Demographic Symposium, Reykjavik, Iceland, June 13-15, 2019}
}


@article{nature16,
author = {Dong, X. and Milholland, B. and Vijg, J.},
title = {Evidence for a limit to human lifespan},
journal = {Nature},
year = {2016},
volume = {538},
pages = {257--259}
}

@article{leva17,
author = {Lenart, A. and Vaupel, J.W.},
title = {Questionable evidence for a limit to human lifespan},
journal = {Nature},
year = {2017},
volume = {546},
pages = {E13--E14}
}

@article{rozh17,
author = {Rootz\'en, H. and Zholud, D.},
title = {Human life is unlimited---but short},
year = {2017},
journal = {Extremes},
volume = {20},
pages = {713--728}
}

@article{italy18,
title = {The plateau of human mortality: {D}emography of longevity pioneers},
author = {Barbi, E. and Lagona, F. and Marsili, M. and Vaupel, J. W. and Wachter, K. W.},
journal = {Science},
year = {2018},
volume = {360},
pages = {1459--1461}
}

@article{oeva02,
author = {Oeppen, J. and Vaupel, J. W.},
title = {Broken limits to life expectancy},
year = {2002},
journal = {Science},
volume = {296},
pages = {1029--1031}
}

@article{malm10,
  title={Longitudinal data for interdisciplinary ageing research. {D}esign of the {L}innaeus {D}atabase},
  author={Malmberg, Gunnar and Nilsson, Lars-Göran and Weinehall, Lars},
  journal={Scandinavian Journal of Public Health},
  pages={1403494810382812},
  year={2010},
  publisher={Sage Publications}
}

@book{efrtib93,
title = {An Introduction to the Bootstrap},
author = {Efron, B. and Tibshirani, R.J.},
publisher = {Chapman and Hall},
year = {1993},
address = {New York}
}

@article{hinkley88,
title = {Bootstrap methods (with discussion)},
author = {Hinkley, D.V.},
year = {1988},
journal = {J. Royal Statist. Soc. B},
volume = {50},
pages = {321--337}
}

@article{hawi91,
author = {Hall, P. and Wilson, S.R.},
title = {Two guidelines for bootstrap hypothesis testing},
year = {1991},
journal = {Biometrics},
volume = {47},
pages = {757--762}
}
