@Book{bookdown,
    title = {bookdown: Authoring Books and Technical Documents with {R} Markdown},
    author = {Yihui Xie},
    publisher = {Chapman and Hall/CRC},
    address = {Boca Raton, Florida},
    year = {2016},
    note = {ISBN 978-1138700109},
    url = {https://github.com/rstudio/bookdown},
}
  
@Manual{bookdown20,
    title = {bookdown: Authoring Books and Technical Documents with R Markdown},
    author = {Yihui Xie},
    year = {2020},
    note = {R package version 0.21},
    url = {https://github.com/rstudio/bookdown},
}

@Manual{knitr20,
    title = {knitr: A General-Purpose Package for Dynamic Report Generation in R},
    author = {Yihui Xie},
    year = {2020},
    note = {R package version 1.30},
    url = {https://yihui.org/knitr/},
}

@Book{knitr,
    title = {Dynamic Documents with {R} and knitr},
    author = {Yihui Xie},
    publisher = {Chapman and Hall/CRC},
    address = {Boca Raton, Florida},
    year = {2015},
    edition = {2nd},
    note = {ISBN 978-1498716963},
    url = {https://yihui.org/knitr/},
}

@Manual{kableExtra20,
    title = {kableExtra: Construct Complex Table with 'kable' and Pipe Syntax},
    author = {Hao Zhu},
    year = {2020},
    note = {R package version 1.3.1},
    url = {https://CRAN.R-project.org/package=kableExtra},
}

@Article{tidyverse,
    title = {Welcome to the {tidyverse}},
    author = {Hadley Wickham and Mara Averick and Jennifer Bryan and Winston Chang and Lucy D'Agostino McGowan and Romain François and Garrett Grolemund and Alex Hayes and Lionel Henry and Jim Hester and Max Kuhn and Thomas Lin Pedersen and Evan Miller and Stephan Milton Bache and Kirill Müller and Jeroen Ooms and David Robinson and Dana Paige Seidel and Vitalie Spinu and Kohske Takahashi and Davis Vaughan and Claus Wilke and Kara Woo and Hiroaki Yutani},
    year = {2019},
    journal = {Journal of Open Source Software},
    volume = {4},
    number = {43},
    pages = {1686},
    doi = {10.21105/joss.01686},
  }

@Manual{tidyr,
    title = {tidyr: Tidy Messy Data},
    author = {Hadley Wickham},
    year = {2021},
    note = {R package version 1.1.3},
    url = {https://CRAN.R-project.org/package=tidyr},
}
@incollection{akaike,
title = {Introduction to {A}kaike (1973) information theory and an extension of the maximum likelihood principle},
author = {de Leeuw, J.},
year = {1992},
editor = {Kotz, S. and Johnson, N.L.},
publisher = {Springer},
booktitle = {Breakthroughs in Statistics I},
pages = {599--609}
}

@book{klekle,
title = {Survival Analysis: {A} Self-Learning Text},
author = {Kleinbaum, D.G. and Klein, M.},
edition = {{S}econd},
year = {2005},
publisher = {Springer},
}

@Manual{rstudio,
    title = {RStudio: Integrated Development Environment for R},
    author = {{RStudio Team}},
    organization = {RStudio, Inc.},
    address = {Boston, MA},
    year = {2020},
    url = {http://www.rstudio.com/},
  }

@Manual{rmarkdown,
    title = {rmarkdown: Dynamic Documents for R},
    author = {JJ Allaire and Yihui Xie and Jonathan McPherson and 
    Javier Luraschi and Kevin Ushey and Aron Atkins and Hadley Wickham and 
    Joe Cheng and Winston Chang and Richard Iannone},
    year = {2020},
    note = {R package version 2.4},
    url = {https://github.com/rstudio/rmarkdown},
}

@book{lamport,
author = {Lamport, L.},
title = {\LaTeX: {A} Document Preparation System (2nd Edition)},
year = {1994},
publisher = {Addison-Wesley},
address = {Reading, Mass.}
}

@book{gandrud15,
author = {Gandrud, C.},
title = {Reproducible Research with R and RStudio: Second Edition},
year = {2015},
publisher = {Chapman and Hall/CRC},
address = {Boca Raton, Florida},
note = {ISBN-13 987-1-4987-1537-9} 
}

@book{vsflrp,
author = {Stodden, V. and Leisch, F. and Peng, R. D.},
title = {Implementing Reproducible Research},
year = {2014},
publisher = {Chapman and Hall/CRC},
address = {Boca Raton, Florida},
note = {ISBN 978-1-4665-6159-5}
}

@Book{bookdown16,
    title = {bookdown: Authoring Books and Technical Documents with {R} Markdown},
    author = {Yihui Xie},
    publisher = {Chapman and Hall/CRC},
    address = {Boca Raton, Florida},
    year = {2016},
    note = {ISBN 978-1138700109},
    url = {https://github.com/rstudio/bookdown},
  }

@book{ehar12,
author = {Göran Broström},
year = {2012},
title = {Event History Analysis with R},
publisher = {Chapman and Hall/CRC},
address = {Boca Raton, Florida},
note = {ISBN 978-1439831649}
}

@Book{knitr15,
    title = {Dynamic Documents with {R} and knitr},
    author = {Yihui Xie},
    publisher = {Chapman and Hall/CRC},
    address = {Boca Raton, Florida},
    year = {2015},
    edition = {2nd},
    note = {ISBN 978-1498716963},
    url = {http://yihui.name/knitr/},
  }


@inproceedings{sweave02,
author = {Friedrich Leisch},
year = {2002},
title = {Sweave: {D}ynamic Generation of Statistical Reports
Using Literate Data Analysis},
booktitle = {Proceedings  in  Computational Statistics},
booktitleaddon = {Compstat 2002},
pages = {575–-580},
editor = {Wolfgang Haerdle and Bernd Roenz},
publisher = {Physica Verlag},
location = {Heidelberg},
note = {ISBN 3-7908-1517-9}
}

@article{hbr02,
author = {Hern{\'a}n, M.A. and Brumback, B. and Robins, J.M.},
title = {Estimating the causal effect of zidovudine on CD4 count 
with a marginal structural modelfor repeated measures},
journal = {Statistics in Medicine},
volume = {21},
pages = {1689--1709},
year = {2002}
}

@article{hcmcr05,
author = {Hern{\'a}n, M.A. and Cole, S.R. and Margolick, J.B. and
Cohen, M.H. and Robins, J.M.}, 
title = {Structural accelerated failure time models for survival 
analysis in studies with time-varying treatments},
journal = {Pharmacoepidemiology and Drug Safety},
year = {2005},
volume = {14},
pages = {477--491}
} 

@book{hero12,
author = {Hern{\'a}n, M. and Robins, J.},
title = {Causal Inference},
year = {2012},
publisher = {Chapman \& Hall/CRC},
address = {London}
}

@book{hero20,
author = {Hern{\'a}n, M. A. and Robins, J. M.},
title = {Causal Inference: {What If}},
year = {2020},
publisher = {Chapman \& Hall/CRC},
address = {London}
}

@book{sil86,
author = {Silverman, B.W.},
title = {Density Estimation},
year = {1986},
publisher = {Chapman \& Hall},
addess = {London}
}

@article{aa89,
author = {Aalen, O.O.},
title = {A linear regression model for the analysis of
     life times},
journal = {Statistics in Medicine}, 
volume = {8},
pages = {907--925},
year = {1989}
}

@article{aa93,
author = {Aalen, O.O.},
year = {1993},
title = {Further results on the non-parametric linear
     model in survival analysis},
journal = {Statistics in Medicine},
volume =  {12},
pages = {1569--1588}
}

@article{aa78,
author = {Aalen, O.O.},
title = {Nonparametric inference for a family of counting processes},
journal = {Annals of Statistics},
volume = {6},
year = {1978},
pages = {701--726}
}

@article{nel72,
author = {Nelson, W.},
title = {Theory and applications of hazard plotting for censored failure data},
journal = {Technometrics},
volume = {14},
year = {1972},
pages = {945--965}
}

@article{brli08,
  author = {Brostr\"om, G. and Lindkvist, M.},
  title = {Partial Partial Likelihood},
  journal = {Communications in Statistics: Simulation and Computation},
  year = {2008},
  volume = {37},
  pages = {679--686}
}

@article{gb02,
  author = {Brostr\"om, G.},
  title = {Cox regression: {T}ies without tears},
  journal = {Communications in Statistics: Theory and Methods},
  year = {2002},
  optkey = {},
  volume = {31},
  optnumber = {},
  pages = {285--297},
  optmonth = {},
  optnote = {},
  optannote = {}
}
@article{gb87,
  author = {Brostr\"om, G.},
  title = {The influence of mother's mortality on infant mortality: 
A case study in matched data survival analysis},
  journal = {Scandinavian Journal of Statistics},
  year = {1987},
  optkey = {},
  volume = {14},
  optnumber = {},
  pages = {113-123},
  optmonth = {},
  optnote = {},
  optannote = {}
}

@article{bl95,
author = {Langholz, B. and Borgan, {\O}.},
title = {Counter-matching: A stratified nested case-control sampling method},
year = {1995},
journal = {Biometrika},
pages = {69--79},
volume = {82}
}

% This file was created with JabRef 2.3.1.
% Encoding: ISO-8859-1

@article{hd77,
author = {Hauck, W.W. and Donner, A.},
title = {Wald's test as applied to hyptheses in logit analysis},
journal = {Journal of the American Statistical Association},
year = {1977},
pages = {851--853},
volume = {72}
}

@BOOK{abg08,
  title = {Survival and Event History Analysis: A Process Point of View},
  publisher = {Springer},
  year = {2008},
  author = {Aalen, O.O. and Borgan, {\O}. and Gjessing, H.K.},
  address = {New York},
  owner = {gb},
  timestamp = {2009.06.28}
}

@BOOK{pa84,
  title = {Event History Analysis},
  publisher = {Sage Publications},
  year = {1984},
  author = {Allison, P.},
  owner = {gb},
  timestamp = {2009.06.28}
}

@BOOK{collett,
author = {Collett, D.},
title = {Modelling Survival Data in Medical Research},
year = {2003},
publisher = {Chapman \& Hall/CRC},
edition = {{S}econd}
}

@article{cox72,
author = {Cox, D.R.},
title = {Regression models and life tables},
journal = {Journal of the Royal Statistical Society Series B (with discussion)},
year = {1972},
volume = {34},
pages = {187--220}
}

@article{cox75,
author = {Cox, D.R.},
title = {Partial likelihood},
journal = {Biometrika},
year = {1975},
volume = {62},
pages = {269--276}
}

@article{gom25,
author = {Gompertz, B.},
title = {On the nature of the function expressive of the law of human 
mortality, and on a new mode of determining the value of life contingencies}, 
year = {1825},
journal = {Philosophical Transactions of the Royal Society of London},
volume = {115},
pages = {513--585}
}

@article{mak60,
author = {Makeham, W.M.},
title = {On the law of mortality and the construction of annuity tables},
year = {1860},
journal = {J. Inst. Actuaries and Assur. Mag.},
volume = {8},
pages = {301--310}
}

@article{km58,
title = {Nonparametric estimation from incomplete observations},
author = {Kaplan, E.L. and Meier, P.},
year = {1958},
volume = {53},
journal = {Journal of the American Statistical Association},
pages = {457--481}
}

@BOOK{abgk93,
  title = {Statistical Models Based on Counting Processes},
  publisher = {Springer-Verlag},
  year = {1993},
  author = {Andersen, P.K. and Borgan, {\O}. and Gill, R.D. and Keiding, N.},
  address = {Berlin},
  owner = {gb},
  timestamp = {2009.06.28}
}

@BOOK{coxoakes84,
  title = {Analysis of Survival Data},
  publisher = {Chapman and Hall},
  year = {1984},
  author = {Cox, D.R. and Oakes, D.},
  address = {London},
  owner = {gb},
  timestamp = {2009.06.28}
}

@BOOK{ejj99,
  title = {Survival Models and Data Analysis},
  publisher = {John Wiley \& Sons, Inc.},
  year = {1999},
  author = {Elandt-Johnson, R.C. and Johnson, N.L.},
  address = {New York},
  edition = {{W}iley {C}lassics {L}ibrary},
  owner = {gb},
  timestamp = {2009.06.28}
}

@article{joh83,
title = {An extension of {C}ox's regression model},
author = {Johansen, S.},
journal = {International Statistical Review},
year = {1983},
volume = {51},
pages = {165--174}
}

@Manual{survival,
    title = {survival: {A} package for survival analysis in S},
    author = {Therneau, T.M.},
    year = {2020},
    note = {R package version 3.2-7},
    url = {https://CRAN.R-project.org/package=survival},
  }

@BOOK{tg00,
author = {Therneau, T.M. and Grambsch, P.M.},
title = {Modeling Survival Data: Extending the Cox Model},
year = {2000},
publisher = {Springer-Verlag},
address = {New York}
}

@book{hume65,
author = {Hume, D.},
title = {An Abstract of a Treatise of Human Nature, 1740},
publisher = {Archon Books},
address = {Hamden, Ct.},
year = {1965},
note = {Introduction by J.M. Keynes and P. Sraffa. (Original work written in 1740.)}
}

@BOOK{jl03,
author = {Lawless, J.F.},
title = {Statistical Models and Methods for Lifetime Data},
edition = {{Second}},
year = {2003},
publisher = {John Wiley \& Sons},
address = {Hoboken, N.J.}
}

@BOOK{ph00,
  title = {Analysis of Multivariate Survival Data},
  publisher = {Springer},
  year = {2000},
  author = {Hougaard, P.},
  address = {Berlin},
  owner = {gb},
  timestamp = {2009.06.28}
}

@Article{flexsurv,
    title = {{flexsurv}: A Platform for Parametric Survival Modeling in {R}},
    author = {Christopher Jackson},
    journal = {Journal of Statistical Software},
    year = {2016},
    volume = {70},
    number = {8},
    pages = {1--33},
    doi = {10.18637/jss.v070.i08},
}
  
@BOOK{kp80,
  title = {The Statistical Analysis of Failure Time Data},
  publisher = {Wiley},
  year = {1980},
  author = {Kalbfleisch, J.D. and Prentice, R.L.},
  address = {Hoboken, N.J.},
  edition = {{F}irst},
  owner = {gb},
  timestamp = {2009.06.28}
}

@BOOK{kp02,
  title = {The Statistical Analysis of Failure Time Data},
  publisher = {Wiley},
  year = {2002},
  author = {Kalbfleisch, J.D. and Prentice, R.L.},
  address = {Hoboken, N.J.},
  edition = {{S}econd},
  owner = {gb},
  timestamp = {2009.06.28}
}

@BOOK{km03,
  title = {Survival Analysis. Techniques for Censored and Truncated Data},
  publisher = {Springer-Verlag},
  year = {2003},
  author = {Klein, J.P. and Moeschberger, M.L.},
  address = {New York},
  owner = {gb},
  timestamp = {2009.06.28}
}

@book{laur96,
author = {Lauritzen, S.L.},
title = {Graphical models},
year = {1996},
publisher = {Oxford University Press},
address = {Oxford, UK},
series = {Oxford Statistical Science Series No.\ 17}
}

@book{pearl00,
author = {Pearl, J.},
title = {Causality: Models, Reasoning and Inference},
year = {2000},
publisher = {Cambridge University Press},
address = {New York}
}

@BOOK{pasas95,
  title = {Survival Analysis using the SAS System: A Practical Guide},
  publisher = {SAS Institute},
  year = {1995},
  author = {Allison, P.},
  owner = {gb},
  timestamp = {2009.06.28}
}

@BOOK{pm95,
  title = {Survival Analysis: A Practical Approach},
  publisher = {John Wiley \& Sons},
  year = {1995},
  author = {Parmar, M.K.B. and Machin, D.},
  address = {Chichester},
  owner = {gb},
  timestamp = {2009.06.28}
}

@article{robins86,
author = {Robins, J.M.},
title = {A new approach to causal inference in mortality studies with a 
sustained exposure period---application to control of the healthy worker 
survivor effect},
journal = {Mathematical Modeling},
volume = {7},
pages = {1393--1512},
year = {1986}
}

@article{rubin74,
author = {Rubin, D.B.},
title = {Estimating causal effects of treatments in randomized and 
non-randomized studies},
year = {1974},
journal = {Journal of Educational Psycology},
volume = {66},
pages = {688--701}
}

@comment{jabref-meta: selector_publisher:}

@comment{jabref-meta: selector_author:}

@comment{jabref-meta: selector_journal:}

@comment{jabref-meta: selector_keywords:}

@Manual{lme411,
    title = {lme4: Linear mixed-effects models using S4 classes},
    author = {Bates, D. and Maechler, M. and Bolker, B.},
    year = {2011},
    note = {R package version 0.999375-41},
    url = {http://CRAN.R-project.org/package=lme4},
  }


@Manual{cran,
    title = {R: A Language and Environment for Statistical Computing},
    author = {{R Core Team}},
    organization = {R Foundation for Statistical Computing},
    address = {Vienna, Austria},
    year = {2020},
    url = {https://www.R-project.org/}
  }

@Manual{eha,
    title = {{e}ha: Event History Analysis},
    author = {Brostr{\"o}m, G.},
    year = {2020},
    note = {R package version 2.8.1},
    url = {http://ehar.se/r/eha/}
}

@article{wri21,
author = {Wright, S.},
title = {Correlation and causation},
journal = {Journal of Agricultural Research},
volume = {20},
pages = {557--585},
year = {1921}
}

@article{zei05,
author = {Zeilinger, A.},
journal = {Nature},
year = {2005},
title = {The message of the quantum},
pages = {743},
volume = {438}
}

@book{gw92,
author = {Groeneboom, P. and Wellner, J.A.},
title = {Nonparametric Maximum Likelihood Estimators for Interval Censoring 
and Deconvolution},
year = {1992},
publisher = {Birkh\"auser},
address = {Boston}
}

@article{ww51,
title = {A statistical distribution function of wide applicability},
author = {Weibull, W.},
year = {1951},
journal = {J. Appl. Mech.-Trans. ASME},
volume = {18},
pages = {293--297}
}

@book{pinbat00,
author = {Pinheiro, J. and Bates, D.},
title = {Mixed-Effects Models in {S} and {S}-{P}lus},
year = {2000},
publisher = {Springer-Verlag},
address = {New York}
}

@article{vau79,
author = {Vaupel, J.G. and Manton, K.G. and Stallard, E.},
title = {The impact of heterogeneity in individual frailty on 
the dynamics of mortality},
journal = {Demography},
volume = {16},
year = {1979},
pages = {439--454}
}

@Manual{coxme,
    title = {coxme: Mixed Effects {C}ox Models.},
    author = {Therneau, T.},
    year = {2020},
    note = {R package version 2.2-16},
    url = {http://CRAN.R-project.org/package=coxme},
  }

@article{gray88,
author = {Gray, R.J},
title = {A class of {K}-sample tests for comparing the
        cumulative incidence of a competing risk},
journal = {Journal of tha American Statistical Association},
volume = {94},
pages = {496--509},
year = {1988}
}

@article{figr99,
author = {Fine, J.P. and Gray, R.J.},
year = {1999},
title = {A proportional hazards model for the
subdistribution of a competing risk},
journal =  {Journal of the American
Statistical Association},
volume =  {94}, 
pages = {496--509}
}

@Manual{cmprsk11,
    title = {cmprsk: Subdistribution Analysis of Competing Risks},
    author = {Gray, Bob},
    year = {2020},
    note = {R package version 2.2-10},
    url = {http://CRAN.R-project.org/package=cmprsk},
  }

@article{gran69,
author = {Granger, C.W.J.},
year = {1969},
title = {Investigating causal relations by econometric models and 
cross-spectral methods},
journal = {Econometrica},
volume = {37},
pages = {424--438}
}

@article{schw70,
author = {Schweder, T.},
year = {1970},
title = {Composable {M}arkov processes},
journal = {Journal of Applied Probability},
volume = {7},
pages = {400--410}
}

@book{pd08,
author = {Dalgaard, P.},
year = {2008},
title = {Introductory Statistics with R, Second Edition},
publisher = {Springer, Berlin}
}

@book{venrip2,
title = {S Programming},
author = {Venables, W.N.\ and Ripley, B.D.},
year = {2000},
publisher = {Springer-Verlag},
address = {New York}
}

@book{ms06,
author = {Martinussen, T . and Scheike, T.H.},
title = {Dynamic Regression Models for Survival Data},
year = {2006},
publisher = {Springer/Verlag},
address = {New York}
}

@article{sz11,
title = {Analyzing Competing Risk Data Using the {R} {timereg} Package},
author = {Scheike, T.H. and Zhang, M.-J.},
journal = {Journal of Statistical Software},
year = {2011},
volume = {38},
number = {2},
pages = {1--15},
url = {http://www.jstatsoft.org/v38/i02/}
}

@Manual{Hmisc,
    title = {Hmisc: Harrell Miscellaneous},
    author = {{Harrell Jr.}, F.E.},
    year = {2020},
    note = {R package version 4.4-1},
    url = {http://CRAN.R-project.org/package=Hmisc},
}

